@MISC{adhhkmv00,
   author = "Milton B. Adams and Owen L. Deutsch and William D. Hall and Richard D. Hildebrant and William R. Kreamer and Marc W. McConley and Hon Fai Vuong",
   title = "{Closed-Lopp Operation of Large-Scale Enterprises: Application of a Decomposition Approach}",
   year = "2000"}

@INPROCEEDINGS{ahhzmf02,
   author = "Milton Adams and William Hall and Mark Hanson and Greg Zacharias and William McEneaney and Ben Fitzpatrick",
   title = "{Mixed Initiative Planning and Control Under Uncertainty}",
   booktitle = "{Proceedings of the 1st AIAA Unmanned Aerospace Vehicles, Sytems, Technologies, and Operations Conference and Workshop}",
   year = "2002",
   address = "Portsmouth, VA",
   month = "May"}

@TECHREPORT{ac89,
   author = "Philip E. Agre and David Chapman",
   title = "{What Are Plans For?}",
   institution = "MIT AI Lab",
   year = "1989",
   number = "Memo 1050a",
   month = "October"}

@ARTICLE{ac90,
   author = "Philip E. Agre and David Chapman",
   title = "{What Are Plans For}",
   journal = "Robotics and Autonomous Systems",
   year = "1990",
   volume = "6",
   pages = "17-34"}

@BOOK{ahu74,
   author = "Alfred V. Aho and John E. Hopcroft and J. D. Ullman",
   title = "{The Design and Analysis of Computer Algorithms}",
   publisher = "Addison-Wesley",
   year = "1974",
   address = "Reading, MA"}

@MISC{aom03,
   author = "Heni Ben Amor and Oliver Obst and Jan Murray",
   title = "{Fast, Neat and Under Control: Inverse Steering Behaviors for Physical Autonomous Agents}",
   month = "April",
   year = "2003"}

@INPROCEEDINGS{ab90,
   author = "C. M. Angle and Rodney A. Brooks",
   title = "{Small Planetary Rovers}",
   booktitle = "{IEEE International Workshop on Intelligent Robots and Systems}",
   year = "1990",
   pages = "383-388",
   address = "Tsuchiura, Japan",
   month = "July"}

@INPROCEEDINGS{ark87,
   author = "Ronald C. Arkin",
   title = "{Motor Schema Based Navigation for a Mobile Robot: An Approach to Programming by Behavior}",
   booktitle = "{Proceedings of the IEEE Conference on Robotics and Automation}",
   year = "1987",
   pages = "264-271",
   address = "Raleigh, NC"}

@INPROCEEDINGS{ark89,
   author = "Ronald C. Arkin",
   title = "{Towards the Unification of Navigational Planning and Reactive Control}",
   booktitle = "{AAAI Spring Symposium on Robot Navigation}",
   year = "1989"}

@ARTICLE{ark89b,
   author = "Ronald C. Arkin",
   title = "{Motor Schema-Based Mobile Robot Navigation}",
   journal = "International Journal of Robotics Research",
   year = "1989",
   volume = "8",
   number = "4",
   pages = "92-112"}

@ARTICLE{ark92,
   author = "Ronald C. Arkin",
   title = "{Behavior-Based Robot Navigation for Extended Domains}",
   journal = "Adaptive Behavior",
   year = "1992",
   volume = "1",
   number = "2",
   pages = "201-225"}

@ARTICLE{acm93,
   author = "Ronald C. Arkin and William M. Carter and Douglas C. Mackenzie",
   title = "{Active Avoidance: Escape and Dodging Behaviors for Reactive Control}",
   journal = "International Journal of Pattern Recognition and Artificial Intelligence",
   year = "1993",
   volume = "5",
   number = "1",
   pages = "175-192"}

@ARTICLE{ab97,
   author = "Ronald C. Arkin and Tucker Balch",
   title = "{AuRA: Principles and Practice In Review}",
   journal = "Journal of Experimental and Theoretical Artificial Intelligence",
   year = "1997",
   volume = "9",
   pages = "175-189"}

@BOOK{ark98,
   author = "Ronald C. Arkin",
   title = "{Behavior-Based Robotics}",
   publisher = "MIT Press",
   year = "1998",
   address = "Cambridge, MA"}

@INPROCEEDINGS{ba95,
   author = "Tucker Balch and Ronald C. Arkin",
   title = "{Motor Schema-based Formation Control for Multiagent Robot Teams}",
   booktitle = "{International Conference on Multiagent Systems}",
   year = "1995",
   address = "San Francisco",
   month = "April"}

@ARTICLE{ba98,
   author = "Tucker Balch and Ronald C. Arkin",
   title = "{Behavior-Based Formation Control for Multiagent Robot Teams}",
   journal = "IEEE Transactions on Robotics and Automation",
   year = "1998",
   month = "December"}

@BOOK{bjs90,
   author = "Mokhtar S. Bazaraa and John J. Jarvis and Hanif D. Sherali",
   title = "{Linear Programming and Network Flows}",
   publisher = "John Wiley \& Sons",
   year = "1990"}

@INPROCEEDINGS{bh90,
   author = "James G. Bellingham and Douglas Humphrey",
   title = "{Using Layered Control for Supervisory Control of Underwater Vehicles}",
   booktitle = "{Conference Proceedings ROV '90, Marine Technology Society}",
   year = "1990",
   pages = "175-181",
   address = "Vancouver B.C.",
   month = "June"}

@INPROCEEDINGS{bvcs93,
   author = "Michael R. Benjamin and Thomas Viana and Karen Corbett and Ann Silva",
   title = "{Satisfying Multiple Rated-Constraints in a Knowledge Based Decision Aid}",
   booktitle = "{Proceedings IEEE Conference on Artificial Intelligence Applications}",
   year = "1993",
   address = "Orlando, FL"}

@INPROCEEDINGS{ben00a,
   author = "Michael R. Benjamin",
   title = "{Virtues and Limitations of Voting Based Action Selection}",
   booktitle = "{Proceedings of the Fourth International Conference on Autonomous Agents (Agents 2000)}",
   year = "2000",
   address = "Barcelona, Spain"}

@INPROCEEDINGS{ben00b,
   author = "Michael R. Benjamin",
   title = "{Underwater Vehicle Control: Minimum Requirements for a Robust Decision Space}",
   booktitle = "{Command and Control Research and Technology Symposium}",
   year = "2000",
   address = "Naval Postgraduate School, Monterey, CA",
   month = "June"}

@PHDTHESIS{ben02a,
   author = "Michael R. Benjamin",
   title = "{Interval Programming: A Multi-Objective Optimization Model for Autonomous Vehicle Control}",
   school = "Brown University",
   year = "2002",
   address = "Providence, RI",
   month = "May"}

@INPROCEEDINGS{ben02b,
   author = "Michael R. Benjamin",
   title = "{Multi-objective Autonomous Vehicle Navigation in the Presence of Cooperative and Adversarial Moving Contacts}",
   booktitle = "{OCEANS 2002}",
   year = "2002",
   address = "Biloxi Mississippi",
   month = "October"}

@INPROCEEDINGS{ben02c,
   author = "Michael R. Benjamin",
   title = "{Interval Programming for Underwater Projectile Design Optimization}",
   booktitle = "{Proceedings of the 9th AIAA/ISSMO Symposium on Multidisciplinary Analysis and Optimization}",
   year = "2002",
   address = "Atlanta, GA",
   month = "September"}

@INPROCEEDINGS{ben03,
   author = "Michael R. Benjamin",
   title = "{Multi-Objective Navigation and Control Using Interval Programming}",
   booktitle = "{Proceedings of the Multi-Robot Systems Workshop}",
   year = "2003",
   address = "NRL, Washington DC",
   month = "March"}

@INPROCEEDINGS{ben04,
   author = "Michael R. Benjamin and Joe Curcio",
   title = "{COLREGS-Based Navigation in Unmanned Marine Vehicles}",
   booktitle = "{AUV-2004}",
   year = "2004",
   address = "Sebasco Harbor, Maine",
   month = "June"}

@TECHREPORT{ben04b,
   author = "Michael R. Benjamin",
   title = "{The Interval Programming Model for Multi-Objective Decision Making}",
   institution = "Computer Science and Artificial Intelligence Laboratory, MIT",
   year = "2004",
   address = "Cambridge, MA",
   number = "AIM-2004-021",
   month = "September"}

@INPROCEEDINGS{bcl06,
   author = "Michael Benjamin and Joe Curcio and John Leonard",
   title = "{Navigation of Unmanned Marine Vehicles in Accordance with the Rules of the Road}",
   booktitle = "{International Conference on Robotics and Automation (ICRA)}",
   year = "2006",
   address = "Orlando, Florida",
   month = "May"}

@INPROCEEDINGS{bng06,
   author = "Michael Benjamin and Paul Newman and Mathew Grund",
   title = "{Multi-objective Optimization of Sensor Quality with Efficient Marine Vehicle Task Execution}",
   booktitle = "{International Conference on Robotics and Automation (ICRA)}",
   year = "2006",
   address = "Orlando, Florida",
   month = "May"}

@ARTICLE{bl00,
   author = "Andrew A. Bennet and John J. Leonard",
   title = "{A Behavior-Based Approach to Adaptive Feature Detection and Following with Autonomous Underwater Vehicles}",
   journal = "IEEE Journal of Oceanic Engineering",
   year = "2000",
   volume = "25",
   number = "2",
   pages = "213-226",
   month = "April"}

@ARTICLE{bo79,
   author = "Jon L. Bentley and Thomas A. Ottman",
   title = "{Algorithms for Reporting and Counting Geometric Intersections}",
   journal = "IEEE Transactions on Computers",
   year = "1979",
   volume = "c-28",
   number = "9",
   month = "September"}

@ARTICLE{bro86,
   author = "Rodney A. Brooks",
   title = "{A Robust Layered Control System for a Mobile Robot}",
   journal = "IEEE Journal of Robotics and Automation",
   year = "1986",
   volume = "RA-2",
   number = "1",
   pages = "14-23",
   month = "April"}

@ARTICLE{bf89,
   author = "Rodney A. Brooks and Anita M. Flynn",
   title = "{Fast, Cheap and Out of Control: A Robot Invasion of the Solar System}",
   journal = "Journal of the British Interplanetary Society",
   year = "1989",
   pages = "478-485",
   month = "October"}

@INCOLLECTION{bro89,
   author = "Rodney A. Brooks",
   title = "{The Whole Iguana}",
   booktitle = "{Robotics Science}",
   publisher = "The MIT Press",
   year = "1989",
   editor = "Michael Brady",
   chapter = "11",
   pages = "432-456"}

@ARTICLE{bro90,
   author = "Rodney A. Brooks",
   title = "{Elephants Don't Play Chess}",
   journal = "Robotics and Autonomous Systems",
   year = "1990",
   volume = "6",
   pages = "3-15"}

@ARTICLE{bro91,
   author = "Rodney A. Brooks",
   title = "{Integrated Systems Based on Behaviors}",
   journal = "SIGART, Special Issue on Integrated Intelligent Systems",
   year = "1991"}

@MISC{bro91b,
   author = "Rodney A. Brooks",
   title = "{Intelligence Without Reason}",
   month = "April",
   howpublished = "MIT AI Lab Memo 1293",
   year = "1991",
   note = "{Also appeared in \cite{bro99}}"}

@ARTICLE{bro91c,
   author = "Rodney A. Brooks",
   title = "{Intelligence Without Representation}",
   journal = "Artificial Intelligence Journal",
   year = "1991",
   volume = "46",
   pages = "139-159",
   month = "April"}

@BOOK{bro99,
   author = "Rodney A. Brooks",
   title = "{Cambrian Intelligence: The Early History of the New AI}",
   publisher = "MIT Press",
   year = "1999",
   address = "Cambridge, MA"}

@TECHREPORT{bg00,
   author = "E. D. Brown and N. J.J Gaskell",
   title = "{Report on the Law Relating to Autonomous Underwater Vehicles}",
   institution = "Society for Underwater Technology",
   year = "2000"}

@INPROCEEDINGS{bv02,
   author = "James Bruce and Manuela Veloso",
   title = "{Real-Time Randomized Path Planning for Robot Navigation}",
   booktitle = "{Proceedings of IROS-2002}",
   year = "2002",
   address = "Switzerland",
   month = "October"}

@BOOK{br98,
   author = "Roy Burcher and Louis Rydill",
   title = "{Concepts in Submarine Design}",
   publisher = "Cambridge University Press",
   year = "1998"}

@ARTICLE{bcfhlsst99,
   author = "Wolfram Burgard and Armin B. Cremers and Dieter Fox and Dirk Hahnel and Gerhard Lakemeyer and Dirk Schulz and Walter Steiner and Sebastian Thrun",
   title = "{Experiences with an Interactive Museum Tour-Guide Robot}",
   journal = "Artificial Intelligence",
   year = "1999",
   volume = "114",
   number = "1-2",
   pages = "3-55"}

@ARTICLE{car92,
   author = "N. Allen Cargill",
   title = "{Submarine Maneuver Control}",
   journal = "The U.S. Naval Institute Proceedings",
   year = "1992",
   volume = "118/9/1,075",
   pages = "26",
   month = "September"}

@TECHREPORT{car00,
   author = "Marc Carreras",
   title = "{An Overview of Behavior-based Robotics with Simulated Implementations on an Underwater Vehicle}",
   institution = "Institute of Informatics and Applications, University of Girona",
   year = "2000",
   number = "IIiA 00-14-RR",
   month = "October"}

@INPROCEEDINGS{cbr00,
   author = "Marc Carreras and J. Batlle and Pere Ridao",
   title = "{Reactive Control of an AUV Using Motor Schemas}",
   booktitle = "{International Conference on Quality Control, Automation and Robotics}",
   year = "2000",
   address = "Cluj Napoca, Rumania",
   month = "May"}

@INPROCEEDINGS{cbrr00,
   author = "M. Carreras and J.Batlle and P. Ridao and G. N. Roberts",
   title = "{An Overview on Behaviour-based methods for AUV Control}",
   booktitle = "{MCMC2000, 5th IFAC Conference on Manoeuvring and Control of Marine Crafts}",
   year = "2000",
   address = "Aalborg, Denmark",
   month = "August"}

@INPROCEEDINGS{cbrp01,
   author = "Marc Carreras and J. Batlle and Pere Ridao and J. Pages",
   title = "{Hybrid Coordination of Reinforcement Learning-based Behaviors for AUV Control}",
   booktitle = "{IEEE/RSJ International Conference on Intelligent Robots and Systems}",
   year = "2001",
   address = "Maui, Hawaii",
   month = "October"}

@TECHREPORT{cas93,
   author = "Laura Cassidy",
   title = "{A Performance Measure for Assessing Submarine Survivability in a Torpedo Attack}",
   institution = "Naval Undersea Warfare Center Division Newport, Rhode Island",
   year = "1993",
   number = "10,280",
   month = "November"}

@INPROCEEDINGS{csl00,
   author = "Peng Cheng and Zuojun Shen and Steven M. LaValle",
   title = "{Using Randomization to Find and Optimize Feasible Trajectories for Nonlinear Systems}",
   booktitle = "{Proceedings 38th Annual Allerton Conference on Communication Control and Computing}",
   year = "2000"}

@ARTICLE{ct92,
   author = "Yi-Jen Chiang and Roberto Tomassia",
   title = "{Dynamic Algorithms in Computational Geometry}",
   journal = "Proceedings of the IEEE",
   year = "1992",
   volume = "80",
   number = "9",
   pages = "1412-1434"}

@MANUAL{cr99,
   title = "{International Regulations for Prevention of Collisions at Sea, 1972 (72 COLREGS)}",
   author = "Commandant, US Coast Guard",
   organization = "US Department of Transportation, US Coast Guard",
   month = "August",
   year = "1999",
   note = "{COMMANDANT INSTRUCTION M16672.2D}"}

@TECHREPORT{con88,
   author = "Jonathan H. Connell",
   title = "{A Behavior-Based Arm Controller}",
   institution = "MIT AI Lab",
   year = "1988",
   number = "1025",
   month = "June"}

@TECHREPORT{con89,
   author = "Jonathan Connell",
   title = "{A Colony Architecture for an Artificial Creature}",
   institution = "MIT AI Lab",
   year = "1989",
   number = "Memo 1151"}

@ARTICLE{coo83,
   author = "Stephen A. Cook",
   title = "{An Overview of Computational Complexity}",
   journal = "Communications of the ACM",
   year = "1983",
   volume = "26",
   number = "6",
   month = "June"}

@TECHREPORT{dal98,
   author = "Patrick W. Daly",
   title = "{Graphics and Colour with LaTeX}",
   institution = "Max-Planck-Institute of Aeronomics",
   year = "1998"}

@MISC{dan48,
   author = "George B. Dantzig",
   title = "{Programming in a Linear Structure}",
   month = "February",
   howpublished = "Comptroller, United States Air Force",
   year = "1948"}

@ARTICLE{dc74,
   author = "Robyn M. Dawes and Bernard Corrigan",
   title = "{Linear Models in Decision Making}",
   journal = "Psychological Bulletin",
   year = "1974",
   volume = "81",
   number = "2",
   pages = "95-106",
   month = "February"}

@ARTICLE{daw79,
   author = "Robyn Dawes",
   title = "{The Robust Beauty of Improper Linear Models in Decision Making}",
   journal = "American Psychologist",
   year = "1979",
   volume = "34",
   number = "7",
   pages = "571-582",
   month = "July"}

@BOOK{dw91,
   author = "Thomas L. Dean and Michael P. Wellman",
   title = "{Planning and Control}",
   publisher = "Morgan Kaufman Publishers",
   year = "1991",
   address = "San Mateo, CA"}

@BOOK{deb01,
   author = "Kalyanmoy Deb",
   title = "{Multi-Objective Optimization using Evolutionary Algorithms}",
   publisher = "John Wiley \& Sons",
   year = "2001"}

@BOOK{ek91,
   author = "Joseph G. Ecker and Michael Kupferschmid",
   title = "{Introduction to Operations Research}",
   publisher = "Krieger Publishing Company",
   year = "1991",
   address = "Malabar, FL"}

@ARTICLE{ede93,
   author = "Herbert Edelsbrunner",
   title = "{A New Approach to Rectangle Intersections, Part II}",
   journal = "International Journal of Computer Mathematics",
   year = "1983",
   volume = "13",
   pages = "221-229"}

@ARTICLE{fls99,
   author = "Hans Jacob S. Feder and John J. Leonard and Christopher M. Smith",
   title = "{Adaptive Mobile Robot Navigation and Mapping}",
   journal = "International Journal of Robotics Research, Special Issue on Field and Service Robotics",
   year = "1999",
   volume = "18",
   number = "7",
   pages = "650-668",
   month = "July"}

@ARTICLE{fer95,
   author = "C. Ferrell",
   title = "{Global Behavior via Cooperative Local Control}",
   journal = "Autonomous Robots",
   year = "1995",
   volume = "2",
   pages = "105-125"}

@INPROCEEDINGS{fs96,
   author = "P. Fiorini and Z. Shiller",
   title = "{Time optimal trajectory planning in dynamic environments}",
   booktitle = "{ICRA '96}",
   year = "1996"}

@PHDTHESIS{fir89,
   author = "James Firby",
   title = "{Adaptive Execution in Complex Dynamic Worlds}",
   school = "Yale University",
   year = "1989",
   month = "January",
   note = "{Technical Report YALEU/CSD/RR\#672}"}

@INPROCEEDINGS{fle00,
   author = "Barbara Fletcher",
   title = "{UUV Master Plan: A Vision for {Navy UUV} Development}",
   booktitle = "{Oceans 2000, MTS/IEEE Conference Proceedings}",
   year = "2000",
   address = "Providence RI",
   month = "September"}

@ARTICLE{fbt97,
   author = "Dieter Fox and Wolfram Burgard and Sebastian Thrun",
   title = "{The Dynamic Window Approach to Collision Avoidance}",
   journal = "IEEE Robotics and Automation",
   year = "1997",
   volume = "4",
   number = "1"}

@INPROCEEDINGS{fbt98,
   author = "Dieter Fox and Wolfram Burgard and Sebastian Thrun",
   title = "{A Hybrid Collision Avoidance Method For Mobile Robots}",
   booktitle = "{Proceedings of the IEEE International Conference on Robotics and Automation}",
   year = "1998",
   address = "Leuven, Belgium"}

@INPROCEEDINGS{gd94,
   author = "Erann Gat and Gregory A. Dorais",
   title = "{Robot Navigation by Conditional Sequencing}",
   booktitle = "{IEEE International Conference on Robotics and Automation}",
   year = "1994",
   volume = "2",
   pages = "1293-1299"}

@INCOLLECTION{gat98,
   author = "Erann Gat",
   title = "{Three-Layer Architectures}",
   booktitle = "{Artificial Intelligence and Mobile Robots: Case Studies of Successful Robot Systems}",
   publisher = "The AAAI Press / The MIT Press",
   year = "1998",
   editor = "David Kortenkamp and R. Peter Bonasso and Robin Murphy",
   chapter = "8",
   pages = "195-210"}

@ARTICLE{gp92,
   author = "William P. Gruner and Henry E. Payne",
   title = "{Submarine Maneuver Control}",
   journal = "The U.S. Naval Institute Proceedings",
   year = "1992",
   volume = "118/7/1,073",
   pages = "56-60",
   month = "July"}

@INPROCEEDINGS{gpr98,
   author = "Kevin N. Gurney and Tony J. Prescott and Peter Redgrave",
   title = "{The Basal Ganglia Viewed as an Action Selection Device}",
   booktitle = "{Proceedings of the Eighth International Conference on Artificial Neural Networks}",
   year = "1998",
   pages = "1033-1038",
   address = "Skovde, Sweden",
   month = "September"}

@BOOK{hl95,
   author = "Frederick S. Hillier and Gerald J. Lieberman",
   title = "{Introduction to Operations Research}",
   publisher = "McGraw-Hill, Inc.",
   year = "1995",
   edition = "6th"}

@INPROCEEDINGS{hb95,
   author = "Joel Hoff and George Bekey",
   title = "{An Architecture for Behavior Coordination Learning}",
   booktitle = "{Proceedings of the 1995 IEEE International Conference on Neural Networks}",
   year = "1995",
   pages = "2375-2380",
   address = "Perth, Australia",
   month = "November"}

@INPROCEEDINGS{hklr00,
   author = "David Hsu and Robert Kindel and Jean-Claude Latombe and Stephen Rock",
   title = "{Randomized Kinodynamic Motion Planning Amidst Moving Obstacles}",
   booktitle = "{Fourth International Workshop on Algorithmic Foundations of Robotics}",
   year = "2000"}

@BOOK{hug86,
   author = "Wayne P. Hughes",
   title = "{Fleet Tactics, Theory and Practice}",
   publisher = "Naval Institute Press",
   year = "1986"}

@PHDTHESIS{hum97,
   author = "Mark Humphrys",
   title = "{Action Selection Methods Using Reinforcement Learning}",
   school = "University of Cambridge",
   year = "1997"}

@ARTICLE{ia83,
   author = "Hiroshi Imai and Takao Asano",
   title = "{Finding the Connected Components and a Maximum Clique of an Intersection Graph of Rectangles in the Plane}",
   journal = "Journal of Algorithms",
   year = "1983",
   volume = "4",
   pages = "310-323"}

@INPROCEEDINGS{jalk00,
   author = "Marilyn J. Jarriel and Duncan L. Adams and Paul Linskey and Michael Keegan",
   title = "{Development, System Integration, and At-sea Testing of the Northrup Grumman Autonomous Sortie Controller}",
   booktitle = "{Proceedings of International Unmanned Underwater Vehicle Symposium}",
   year = "2000",
   address = "Newport, RI",
   month = "April 24-28"}

@INCOLLECTION{js02,
   author = "Stefan J. Johansson and Alessandro Saffiotti",
   title = "{Using the Electric Field Approach in the RoboCup Domain}",
   booktitle = "{RoboCup 2001: Robot Soccer World Cup V}",
   publisher = "Springer-Verlag",
   year = "2002",
   editor = "Adreas Birk and Silvia Coradeschi and Satoshi Tadokoro and Rainer PS Noske",
   number = "2377",
   series = "LNAI",
   pages = "399-404",
   address = "Berlin, DE"}

@INPROCEEDINGS{joh02,
   author = "David S. Johnson",
   title = "{A Theoretician's Guide to the Experimental Analysis of Algorithms}",
   booktitle = "{Proceedings of the 5th and 6th DIMACS Implementation Challenges}",
   year = "2002",
   editor = "M. Goldwasser and David S. Johnson and C. C. McGeoch",
   address = "Providence RI",
   publisher = "American Mathematical Society"}

@ARTICLE{jcc02,
   author = "He-Hua Ju and Ping-Yuan Cui and Hu-Tao Cui",
   title = "{Autonomous Behavior Path Planning for Lunar Rover}",
   journal = "ACTA AUTOMATICA SINICA",
   year = "2002",
   volume = "29",
   number = "2",
   pages = "324-329"}

@ARTICLE{kl96,
   author = "Leslie Pack Kaelbling and Michael L. Littman",
   title = "{Reinforcement Learning: A Survey}",
   journal = "Journal of Artificial Intelligence Research",
   year = "1996",
   number = "4",
   pages = "237-285"}

@BOOK{kr93,
   author = "Ralph L. Keeney and Howard Raiffa",
   title = "{Decisions with Multiple Objectives: Preferences and Value Tradeoffs}",
   publisher = "Cambridge University Press",
   year = "1993",
   address = "New York, NY"}

@BOOK{kkb42,
   author = "Lyman M. Kells and Willis F. Kern and James R. Bland",
   title = "{Spherical Trigonometry with Naval and Military Applications}",
   publisher = "McGraw-Hill Book Company",
   year = "1942"}

@INPROCEEDINGS{kha85,
   author = "Oussama Khatib",
   title = "{Real-Time Obstacle Avoidance for Manipulators and Mobile Robots}",
   booktitle = "{Proceedings of the IEEE International Conference on Robotics and Automation}",
   year = "1985",
   pages = "500-505",
   address = "St. Louis, MO"}

@INPROCEEDINGS{khlr00,
   author = "Robert Kindel and David Hsu and Jean-Claude Latombe and Stephen Rock",
   title = "{Kinodynamic Motion Planning Amidst Moving Obstacles}",
   booktitle = "{IEEE International Conference on Robotics and Automation}",
   year = "2000",
   month = "April"}

@INPROCEEDINGS{kakno95,
   author = "Hiroaki Kitano and Minoru Asada and Yasuo Kuniyoshi and Itsuki Noda and Eiichi Osawa",
   title = "{RoboCup: The Robot World Cup Initiative}",
   booktitle = "{International Joint Conference on Artificial Intelligence}",
   year = "1995",
   address = "Montreal, Canada",
   month = "August"}

@ARTICLE{kmrs97,
   author = "Kurt Konolige and Karen Myers and Enrique H. Ruspini and Alessandro Saffiotti",
   title = "{The Saphire Architecture: A Design for Autonomy}",
   journal = "Journal of Experimental and Theoretical Artificial Intelligence (JETAI)",
   year = "1997",
   volume = "9",
   number = "1",
   pages = "215-235"}

@INPROCEEDINGS{kon00,
   author = "Kurt Konolige",
   title = "{A Gradient Method for Realtime Robot Control}",
   booktitle = "{Proceedings of the IEEE/RSJ Int. Conf. on Intelligent Robots and Systems (IROS)}",
   year = "2000",
   address = "Takamatsu, Japan"}

@INPROCEEDINGS{kb91,
   author = "Yoram Koren and Johann Borrenstein",
   title = "{Potential Field Methods and Their Inherent Limitations for Mobile Robot Navigation}",
   booktitle = "{Proceedings of the IEEE International Conference on Robotics and Automation}",
   year = "1991",
   pages = "1398-1404",
   address = "Sacramento, CA"}

@ARTICLE{kb94,
   author = "Jana Kosecka and Ruzena Bajcsy",
   title = "{Discrete Event Systems for Autonomous Mobile Agents}",
   journal = "Journal of Robotics and Autonomous Systems",
   year = "1994",
   volume = "12",
   pages = "187-198"}

@ARTICLE{kum92,
   author = "Vipin Kumar",
   title = "{Algorithms for Constraint-Satisfaction Problems: A Survey}",
   journal = "AI Magazine",
   year = "1992",
   volume = "13",
   number = "1",
   pages = "32-44"}

@INPROCEEDINGS{ks99,
   author = "Ratnesh Kumar and James A. Stover",
   title = "{A Behavior-based Architecture for the Design of Intelligent Controllers for Autonomous Systems}",
   booktitle = "{IEEE International Symposium on Intelligent Control}",
   year = "1999",
   pages = "308-313",
   address = "Cambridge, MA",
   month = "September"}

@ARTICLE{ks01,
   author = "Ratnesh Kumar and James A. Stover",
   title = "{A Behavior-Based Intelligent Control Architecture with Application to Coordination of Multiple Underwater Vehicles}",
   journal = "IEEE Transactions on Systems, Man, and Cybernetics - Part A: Cybernetics",
   year = "2001",
   volume = "30",
   number = "6",
   pages = "767-784",
   month = "November"}

@ARTICLE{lcb97,
   author = "Edward Large and Henrik I. Christensen and Ruzena Bajcsy",
   title = "{Scaling the Dynamic Approach to Path Planning and Control: Competition among Behavioral Constraints}",
   journal = "International Journal of Robotics Research",
   year = "1997",
   volume = "18",
   pages = "37-58",
   month = "January"}

@BOOK{lat91,
   author = "Jean-Claude Latombe",
   title = "{Robot Motion Planning}",
   publisher = "Kluwer Academic Publishers",
   year = "1991",
   address = "Boston, MA"}

@INCOLLECTION{kl98,
   author = "Jean-Claude Latombe and Lydia E. Kavraki",
   title = "{Probabilistic Roadmaps for Robot Path Planning}",
   booktitle = "{Practical Motion Planning in Robotics: Current Approaches and Future Directions}",
   publisher = "John Wiley",
   year = "1998",
   editor = "K. Gupta and A. del Pobil",
   pages = "33-53"}

@TECHREPORT{l98,
   author = "Steven M. LaValle",
   title = "{Rapidly-Exploring Random Trees: A New Tool for Path Planning}",
   institution = "Dept. of Computer Science, Iowa State University",
   year = "1998",
   number = "98-11",
   month = "October"}

@INPROCEEDINGS{la03,
   author = "James Brian Lee and Ronald C. Arkin",
   title = "{Adaptive Multi-Robot Behavior via Learning Momentum}",
   booktitle = "{Proceedings of IROS'03}",
   year = "2003",
   address = "Las Vegas, NV",
   month = "October"}

@ARTICLE{lkj04,
   author = "Sang-Min Lee and Kyung-Yub Kwon and Joongseon Joh",
   title = "{A Fuzzy Logic for Autonomous Navigation of Marine Vehicle Satisfying COLREG Guidelines}",
   journal = "International Journal of Control, Automation, and Systems",
   year = "2004",
   volume = "2",
   number = "2",
   month = "June"}

@INCOLLECTION{lbv02,
   author = "Scott Lenser and James Bruce and Manuela Veloso",
   title = "{A Modular Hierarchical Behavior-Based Architecture}",
   booktitle = "{RoboCup-2001: The Fifth RoboCup Competitions and Conferences}",
   publisher = "Springer Verlag",
   year = "2002",
   editor = "A. Birk and S. Coradeschi and S. Takokoro"}

@ARTICLE{lis99,
   author = "John S. Lisiewicz",
   title = "{Unmanned Undersea Vehicles}",
   journal = "Naval Forces",
   year = "1999",
   month = "March"}

@INPROCEEDINGS{lbg97,
   author = "Liana M. Lorigo and Rodney A. Brooks and W. Eric L. Grimson",
   title = "{Visually-Guided Obstacle Avoidance in Unstructured Environments}",
   booktitle = "{Proceedings of IROS '97}",
   year = "1997",
   pages = "373-379",
   address = "Grenoble, France",
   month = "September"}

@ARTICLE{mac97,
   author = "D. C. Mackenzie and Ronald C. Arkin and J. M. Cameron",
   title = "{Specification and Execution of Multiagent Missions}",
   journal = "Autonomous Robots",
   year = "1997",
   volume = "4",
   number = "1"}

@INPROCEEDINGS{mae89,
   author = "Pattie Maes",
   title = "{The Dynamics of Action Selection}",
   booktitle = "{Proceedings of the Eleventh International Joint Conference on Artificial Intelligence}",
   year = "1989",
   pages = "991-997",
   address = "Detroit, MI"}

@INCOLLECTION{mae90,
   author = "Pattie Maes",
   title = "{Situated Agents Can Have Goals}",
   booktitle = "{Designing Autonomous Agents}",
   publisher = "MIT/ELSEVIER The MIT Press",
   year = "1990",
   editor = "Pattie Maes",
   pages = "49-70"}

@INPROCEEDINGS{mb90,
   author = "Pattie Maes and Rodney A. Brooks",
   title = "{Learning to Coordinate Behaviors}",
   booktitle = "{Proceedings of AAAI-90: The American Conference on Artificial Intelligence}",
   year = "1990",
   pages = "796-802",
   address = "Boston, MA",
   publisher = "AAAI Press/MIT Press"}

@ARTICLE{mae94,
   author = "Pattie Maes",
   title = "{Modeling Adaptive Autonomous Agents}",
   journal = "Artificial Life Journal",
   year = "1994",
   volume = "1",
   number = "1 and 2",
   pages = "135-162"}

@BOOK{mal85,
   author = "Elbert S. Maloney",
   title = "{Dutton's Navigation \& Piloting}",
   publisher = "Naval Institute Press",
   year = "1985"}

@ARTICLE{mzm01,
   author = "Paul Marks and Catherine Zandonella and Justin Mullins",
   title = "{Defeating the Suicide Hijackers}",
   journal = "The New Scientist",
   year = "2001",
   month = "September 19th"}

@TECHREPORT{mat90,
   author = "Maja Mataric",
   title = "{A Distributed Model for Mobile Robot Environment - Learning and Navigation}",
   institution = "MIT AI Lab",
   year = "1990",
   number = "AITR-1228",
   month = "May"}

@ARTICLE{mat97,
   author = "Maja Mataric",
   title = "{Behavior-Based Control: Examples from Navigation, Learning, and Group Behavior}",
   journal = "Journal of Experimental and Theoretical Artificial Intelligence, special issue on Software architectures for Physical Agents",
   year = "1997",
   volume = "9",
   number = "2",
   pages = "323-336"}

@TECHREPORT{new03,
   author = "Paul M. Newman",
   title = "{MOOS - A Mission Oriented Operating Suite}",
   institution = "MIT Department of Ocean Engineering",
   year = "2003",
   number = "OE2003-07"}

@TECHREPORT{nil84,
   author = "Nils J. Nilsson",
   title = "{Shakey the Robot}",
   institution = "Stanford Research Institute AI Center",
   year = "1984",
   number = "Tech Note 323"}

@INPROCEEDINGS{oy88,
   author = "Mark H. Overmars and Chee-Keng Yap",
   title = "{New upper bounds on Klee's measure problem}",
   booktitle = "{29th Annual Symposium on Foundations of Computer Science}",
   year = "1988"}

@MISC{par64,
   author = "Vilfredo Pareto",
   title = "{Cours d'Economie Politique}",
   howpublished = "Libraire Droz, Gen{\`{e}}ve (the first edition in 1896)",
   year = "1964"}

@ARTICLE{par94,
   author = "Behrooz Parhami",
   title = "{Voting Algorithms}",
   journal = "IEEE Transactions on Reliability",
   year = "1994",
   volume = "43",
   number = "6",
   pages = "617-629"}

@INPROCEEDINGS{pay86,
   author = "David W. Payton",
   title = "{An Architecture For Reflexive Autonomous Vehicle Control}",
   booktitle = "{IEEE International Conference on Robotics and Automation}",
   year = "1986",
   pages = "1838-1845",
   publisher = "IEEE Computer Society Press"}

@ARTICLE{prk90,
   author = "David W. Payton and Julio K. Rosenblatt and David M. Keirsey",
   title = "{Plan Guided Reaction}",
   journal = "IEEE Transactions on Systems, Man, and Cybernetics",
   year = "1990",
   volume = "20",
   number = "6",
   pages = "1370-1382"}

@ARTICLE{pkkkr92,
   author = "David W. Payton and David Keirsey and Dan M. Kimble and Jimmy Krozel and Julio K. Rosenblatt",
   title = "{Do Whatever Works: A Robust Approach to Fault-Tolerant Autonomous Control}",
   journal = "Journal of Applied Intelligence",
   year = "1992",
   volume = "2",
   pages = "225-250"}

@ARTICLE{pep93,
   author = "P. Kevin Peppe",
   title = "{Submarines in the Littorals}",
   journal = "The U.S. Naval Institute Proceedings",
   year = "1993",
   volume = "119/7/1,085",
   pages = "46-48",
   month = "July"}

@INPROCEEDINGS{pc97,
   author = "Paolo Pirjanian and Henrik I. Christensen",
   title = "{Behavior Coordination using Multiple-Objective Decision Making}",
   booktitle = "{SPIE Conference on Intelligent Systems and Advanced Manufacturing}",
   year = "1997",
   address = "Pittsburgh, Pennsylvania",
   month = "October"}

@INPROCEEDINGS{pcf97,
   author = "Paolo Pirjanian and Henrik I. Christensen and Jeff Fayman",
   title = "{Experimental Investigation of Voting Schemes for Fusion of Redundant Purposive Modules}",
   booktitle = "{5th Symposium for Intelligent Robotics Systems}",
   year = "1997",
   address = "Stockholm",
   month = "July"}

@PHDTHESIS{pir98,
   author = "Paolo Pirjanian",
   title = "{Multiple Objective Action Selection and Behavior Fusion}",
   school = "Aalborg University",
   year = "1998"}

@ARTICLE{pir99,
   author = "Paolo Pirjanian",
   title = "{Multiple Objective Behavior-Based Control}",
   journal = "Robotics and Autonomous Systems, Special Issue",
   year = "1999"}

@INPROCEEDINGS{pm99,
   author = "Paolo Pirjanian and Maja J. Mataric",
   title = "{Multiple Objective vs. Fuzzy Behavior Coordination}",
   booktitle = "{Lecture Notes in Computer Science on Fuzzy Logic Techniques for Autonomous Vehicle Navigation}",
   year = "1999",
   editor = "D. Drainkov and Alessandro Saffiotti"}

@INPROCEEDINGS{pm99b,
   author = "Paolo Pirjanian and Maja Mataric",
   title = "{A Decision-Theoretic Approach to Fuzzy Behavior Coordination}",
   booktitle = "{IEEE International Symposium on Computational Intelligence in Robotics and Automation}",
   year = "1999",
   month = "November"}

@INPROCEEDINGS{phs01,
   author = "Paolo Pirjanian and Terry L. Huntsberger and Paul S. Schenker",
   title = "{Development of CAMPOUT and its further applications to planetary rover operations: a multi-robot control architecture}",
   booktitle = "{Proceedings of SPIE Conference on Sensor Fusion and Decentralized Control in Robotic Systems IV}",
   year = "2001",
   address = "Newton, MA",
   month = "October"}

@BOOK{ps95,
   author = "Franco P. Preparata and Michael Ian Shamos",
   title = "{Computational Geometry an Introduction}",
   publisher = "Springer-Verlag",
   year = "1985"}

@BOOK{pv84,
   author = "Edwin J. Purcell and Dale Varberg",
   title = "{Calculus with Analytic Geometry}",
   publisher = "Prentice-Hall, Inc",
   year = "1984",
   address = "Englewood Cliffs, NJ"}

@BOOK{qua93,
   author = "Stuart Quarrie",
   title = "{Navigation, Strategy, and Tactics}",
   publisher = "Guardian Newspapers Ltd",
   year = "1993"}

@TECHREPORT{rab96,
   author = "Laura Rabenold",
   title = "{Own Ship Evasion Planning Aid}",
   institution = "Naval Undersea Warfare Center Division Newport, Rhode Island",
   year = "1996",
   number = "10,536",
   month = "January"}

@INPROCEEDINGS{rk03,
   author = "Ananth Ranganathan and Sven Koenig",
   title = "{A Reactive Robot Architecture with Planning on Demand}",
   booktitle = "{Proceedings of IEEE International Conference on Intelligent Robotics and Systems}",
   year = "2003",
   pages = "1462-1468"}

@ARTICLE{rg95,
   author = "Steven Ratering and Maria Gini",
   title = "{Robot Navigation in a Known Environment with Unknown Moving Obstacles}",
   journal = "Autonomous Robots",
   year = "1995",
   volume = "1",
   number = "2",
   pages = "149-165"}

@ARTICLE{rs94,
   author = "John Reif and Micha Sharir",
   title = "{Motion Planning in the Presence of Moving Obstacles}",
   journal = "Journal of the Association for Computing Machinery",
   year = "1994",
   volume = "41",
   number = "4",
   pages = "764-790",
   month = "July"}

@INPROCEEDINGS{rs00,
   author = "John Reif and Zheng Sun",
   title = "{An Efficient Approximation Algorithm for Weighted Region Shortest Path Problem}",
   booktitle = "{Proceedings of the 4th Workshop on Algorithmic Foundations of Robotics (WAFR2000)}",
   year = "2000",
   pages = "191-203",
   month = "March",
   note = "{Published by A. K. Peters Ltd, Hanover, New Hampshire}"}

@INPROCEEDINGS{rs01,
   author = "John Reif and Zheng Sun",
   title = "{Motion Planning in the Presence of Flows}",
   booktitle = "{Proceedings of the 7th International Workshop on Algorithms and Data Structures (WADS2001)}",
   year = "2001",
   pages = "450-461",
   address = "Brown University, Providence RI",
   month = "August",
   note = "{Volume 2125 of Lecture Notes in Computer Science}"}

@INPROCEEDINGS{rk00,
   author = "Michael Ricard and Michael Keegan",
   title = "{Intelligent Autonomy for the Manta Test Vehicle}",
   booktitle = "{OCEANS 2000}",
   year = "2000",
   pages = "1265-1271",
   address = "Providence, RI"}

@TECHREPORT{rk02,
   author = "Michael Ricard and S. Kolitz",
   title = "{The ADEPT Framework for Intelligent Autonomy}",
   institution = "Draper Laboratory",
   year = "2002",
   number = "CSDL-P-4015",
   month = "April"}

@INPROCEEDINGS{rr97,
   author = "Jukka Riekki and J. Roning",
   title = "{Reactive Task Execution by Combining Action Maps}",
   booktitle = "{International Conference on Integrated Robots and Systems (IROS)}",
   year = "1997",
   pages = "224-230",
   address = "Grenoble, France"}

@PHDTHESIS{rie99,
   author = "Jukka Riekki",
   title = "{Reactive Task Execution of a Mobile Robot}",
   school = "Oulu University",
   year = "1999"}

@INPROCEEDINGS{rrg99,
   author = "Michael W. Roeckel and Robert H. Rivoir and Ronald E. Gibson",
   title = "{A Behavior Based Controller Architecture and the Transition to an Industry Application}",
   booktitle = "{Proceedings of the 14th IEEE International Symposium on Intelligent Control / Intelligent Systems and Semiotics}",
   year = "1999",
   address = "Piscataway, NJ"}

@INPROCEEDINGS{rrgl99,
   author = "Michael W. Roeckel and Robert H. Rivoir and Ronald E. Gibson and Stephen P. Linder",
   title = "{Simulation Environments for the Design and Test of an Intelligent Controller for Autonomous Underwater Vehicles}",
   booktitle = "{Proceedings of the 1999 Winter Simulation Conference}",
   year = "1999",
   editor = "P. A. Farrington and H. B. Nembhard and D. T. Sturrock and G. W. Evans"}

@INPROCEEDINGS{rt95,
   author = "Julio K. Rosenblatt and Charles E. Thorpe",
   title = "{Combining Multiple Goals in a Behavior-Based Architecture}",
   booktitle = "{International Conference on Integrated Robots and Systems (IROS)}",
   year = "1995"}

@PHDTHESIS{ros97,
   author = "Julio K. Rosenblatt",
   title = "{DAMN: A Distributed Architecture for Mobile Navigation}",
   school = "Carnegie Mellon University",
   year = "1997",
   address = "Pittsburgh, PA"}

@ARTICLE{ros97b,
   author = "Julio K. Rosenblatt",
   title = "{DAMN: A Distributed Architecture for Mobile Navigation}",
   journal = "Journal of Experimental and Theoretical Artificial Intelligence",
   year = "1997",
   volume = "9",
   number = "2",
   pages = "339-360"}

@INPROCEEDINGS{ros98,
   author = "Julio K. Rosenblatt",
   title = "{Utility Fusion: Map-Based Planning in a Behavior-Based System}",
   booktitle = "{Field and Service Robotics}",
   year = "1998",
   publisher = "Springer-Verlag"}

@INPROCEEDINGS{ros98b,
   author = "Julio K. Rosenblatt",
   title = "{Behavior-Based Planning for Intelligent Autonomous Vehicles}",
   booktitle = "{Proceedings of IAV '98 Symposium on Intelligent Autonomous Vehicles}",
   year = "1998",
   address = "Madrid, Spain",
   month = "March"}

@INPROCEEDINGS{ros99,
   author = "Julio K. Rosenblatt",
   title = "{Maximizing Expected Utility for Behavior Arbitration}",
   booktitle = "{Proceedings of 12th Australian Joint Conference on Artificial Intelligence}",
   year = "1999",
   address = "Sydney, NSW, Australia",
   month = "December"}

@ARTICLE{ros00,
   author = "Julio K. Rosenblatt",
   title = "{Optimal Selection of Uncertain Actions by Maxmimizing Expected Utility}",
   journal = "Autonomous Robots",
   year = "2000",
   volume = "9",
   number = "1",
   pages = "17-25"}

@INPROCEEDINGS{rwd00,
   author = "Julio K. Rosenblatt and Stefan B. Williams and Hugh Durrant-Whyte",
   title = "{Behavior-Based Control for Autonomous Underwater Exploration}",
   booktitle = "{Proceedings of IEEE International Conference on Robotics and Automation (ICRA 2000)}",
   year = "2000",
   address = "San Francisco CA"}

@ARTICLE{rwd02,
   author = "Julio K. Rosenblatt and Stefan B. Williams and Hugh Durrant-Whyte",
   title = "{Behavior-Based Control for Autonomous Underwater Exploration}",
   journal = "International Journal of Information Sciences",
   year = "2002",
   volume = "145",
   number = "1-2",
   pages = "69-87"}

@BOOK{rn95,
   author = "Stuart J. Russell and Peter Norvig",
   title = "{Artificial Intelligence: A Modern Approach}",
   publisher = "Prentice Hall",
   year = "1995"}

@INPROCEEDINGS{rseghp00,
   author = "Paul E. Rybski and Sascha A. Stoeter and Michael D. Erickson and Maria Gini and Dean F. Hougen and Nikolaos P. Papanikolopoulos",
   title = "{A Team of Robotic Agents for Surveillance}",
   booktitle = "{Proceedings of the Fourth International Conference on Autonomous Agents}",
   year = "2000",
   pages = "9-16",
   address = "Barcelona, Catalonia, Spain",
   publisher = "ACM Press"}

@INPROCEEDINGS{saf93,
   author = "Alessandro Saffiotti",
   title = "{Some notes on the integration of planning and reactivity in autonomous mobile robots}",
   booktitle = "{AAAI Spring Symposium on Foundations of Automatic Planning}",
   year = "1993",
   pages = "122-126",
   address = "Stanford, CA"}

@INPROCEEDINGS{srk93,
   author = "Alessandro Saffiotti and Enrique H. Ruspini and Kurt Konolige",
   title = "{Blending Reactivity and Goal-Directedness in a Fuzzy Controller}",
   booktitle = "{Proceedings of the 2nd IEEE International Conference on Fuzzy Systems}",
   year = "1993",
   pages = "134-139",
   address = "San Francisco, CA"}

@TECHREPORT{saf95,
   author = "Alessandro Saffiotti",
   title = "{Fuzzy logic in Autonomous Robot Navigation: a case study}",
   institution = "IRIDIA, Universit\'e Libre de Bruxelles",
   year = "1995",
   number = "95-25",
   month = "November"}

@ARTICLE{skr95,
   author = "Alessandro Saffiotti and Kurt Konolige and Enrique H. Ruspini",
   title = "{A Multivalued-logic Approach to Integrating Planning and Control}",
   journal = "Artificial Intelligence",
   year = "1995",
   volume = "76",
   number = "(1-2)",
   pages = "481-526"}

@TECHREPORT{saf97,
   author = "Alessandro Saffiotti",
   title = "{The Uses of Fuzzy Logic in Autonomous Robot Navigation: a catalogue raisonn\'e}",
   institution = "IRIDIA, Universit\'e Libre de Bruxelles",
   year = "1997",
   number = "97-6",
   month = "November"}

@INCOLLECTION{srk99,
   author = "Alessandro Saffiotti and Enrique H. Ruspini and Kurt Konolige",
   title = "{Using Fuzzy Logic for Mobile Robot Control}",
   booktitle = "{Practical Applications of Fuzzy Technologies}",
   publisher = "Kluwer Academic Publishers",
   year = "1999",
   editor = "H. J. Zimmerman",
   chapter = "5",
   pages = "185-206"}

@ARTICLE{sah74,
   author = "Sartaj Sahni",
   title = "{Computationally Related Problems}",
   journal = "SIAM Journal of Computing",
   year = "1974",
   volume = "3",
   pages = "262-279"}

@INPROCEEDINGS{sen98,
   author = "Phoebe Sengers",
   title = "{Do the Thing Right: An Architecture for Action-Expression}",
   booktitle = "{Proceedings of the Second International Conference on Autonomous Agents}",
   year = "1998",
   editor = "Katia P. Sycara and Michael Woolridge",
   pages = "24-31",
   month = "May",
   publisher = "ACM Press"}

@ARTICLE{sho04,
   author = "S. Showalter",
   title = "{The Legal Status of Autonomous Underwater Vehicles}",
   journal = "The Marine Technology Society Journal",
   year = "2004",
   volume = "38",
   number = "1",
   pages = "80-83"}

@INPROCEEDINGS{ssssvys00,
   author = "Sanjiv Singh and Reid Simmons and Trey Smith and Anthony Stentz and Vandi Verma and Alex Yahja and Kurt Schwehr",
   title = "{Recent Progress in Local and Global Traversability for Planetary Rovers}",
   booktitle = "{IEEE Conference on Robotics and Automation}",
   year = "2000",
   address = "San Francisco, CA",
   month = "April"}

@ARTICLE{sw82,
   author = "Hans W. Six and Derick Wood",
   title = "{Counting and Reporting Intersections of d-Ranges}",
   journal = "IEEE Transactions on Computers",
   year = "1982",
   volume = "c-31",
   number = "3",
   month = "March"}

@BOOK{sms04,
   author = "Richard M. Stallman and Roland McGrath and Paul D. Smith",
   title = "{GNU Make: A Program for Directing Recomputation, for version 3.81}",
   publisher = "Free Software Foundation",
   year = "2004",
   month = "June"}

@INPROCEEDINGS{s95,
   author = "Anthony Stentz",
   title = "{The Focussed {D}* Algorithm for Real-time Replanning}",
   booktitle = "{International Joint Conference on Artificial Intelligence}",
   year = "1995",
   address = "Montreal, Canada",
   month = "August 20-25"}

@INPROCEEDINGS{ste95,
   author = "Anthony Stentz",
   title = "{The Focussed D* Algorithm for Real-Time Replanning}",
   booktitle = "{Proceedings of the International Joint Conference on Artificial Intelligence (IJCAI)}",
   year = "1995",
   month = "August"}

@INPROCEEDINGS{sr01,
   author = "Zheng Sun and John Reif",
   title = "{BUSHWHACK: An Approximation Algorithm for Minimal Paths Through Pseudo-Euclidean Spaces}",
   booktitle = "{Proceedings of the 12th Annual International Symposium on Algorithms and Computation (ISAAC01)}",
   year = "2001",
   pages = "160-171",
   address = "Christchurch, New Zealand",
   month = "December",
   note = "{Published in Volume 2223 of Lecture Notes in Computer Science}"}

@BOOK{tri00,
   author = "Evangelo Triantaphyllou",
   title = "{Multi-Criteria Decision Making Methods: A Comparative Study}",
   publisher = "Kluwer Academic Publishers",
   year = "2000"}

@INPROCEEDINGS{tun95,
   author = "Edward Tunstel",
   title = "{Coordination of Distributed Fuzzy Behaviors in Mobile Robot Control}",
   booktitle = "{IEEE International Conference on Systems, Man, and Cybernetics}",
   year = "1995",
   pages = "4009-4014",
   address = "Vancouver, BC, Canada",
   month = "October"}

@INPROCEEDINGS{tbcj93,
   author = "Roy M. Turner and D. Richard Blidberg and Steven G. Chappell and James C. Jalbert",
   title = "{Generic behaviors: An Approach to Modularity in Intelligent Systems Control}",
   booktitle = "{Proceedings of the 8th International Symposium on Unmanned Untethered Submersible Technology}",
   year = "1993"}

@BOOK{hmd97,
   author = "Pascal van Hentenryck and Laurent D. Michel and Yves Deville",
   title = "{Numerica: a modeling language for global optimization}",
   publisher = "MIT Press",
   year = "1997",
   address = "Cambridge, MA"}

@INPROCEEDINGS{vwlbb00,
   author = "Manuela Veloso and Elly Winner and Scott Lenser and James Bruce and Tucker Balch",
   title = "{Vision-servoed Localization and Behavior-Based Planning for an Autonomous Quadruped Legged Robot}",
   booktitle = "{Proceedings of AIPS-2000}",
   year = "2000",
   address = "Breckenridge",
   month = "April"}

@BOOK{ves03,
   author = "Jennifer Vesperman",
   title = "{Essential CVS}",
   publisher = "O'Reilly",
   year = "2003",
   month = "June"}

@BOOK{wms99,
   author = "Daniel H. Wagner and W. Charles Mylander and Thomas J. Sanders",
   title = "{Naval Operations Analysis}",
   publisher = "Naval Institute Press",
   year = "1999"}

@ARTICLE{wai76,
   author = "Howard Wainer",
   title = "{Estimating Coefficients in Linear Models: It Don't Make No Nevermind}",
   journal = "Psychological Bulletin",
   year = "1976",
   volume = "83",
   number = "2",
   pages = "213-217"}

@BOOK{was81,
   author = "Alan Washburn",
   title = "{Search and Detection}",
   publisher = "Naval Postgraduate School",
   year = "1981",
   address = "Monterey, California"}

@INPROCEEDINGS{wcp92,
   author = "M. Z. Weiland and B. Cooke and B. Peterson",
   title = "{Designing and Implementing Decision Aids for a Complex Environment Using Goal Hierarchies}",
   booktitle = "{Proceedings of the Human Factors Society 36th Annual Meeting}",
   year = "1992",
   pages = "394-398"}

@INPROCEEDINGS{wl88,
   author = "S. T. Weingaertner and A. H. Levis",
   title = "{Evaluation of Decision Aiding in Submarine Emergency Decision Making}",
   booktitle = "{Analysis, Design, and Evaluation of Man-Machine Systems 1988: Selected papers from the Third IFAC/IFIP/IEA/IFORS conference}",
   year = "1988",
   pages = "195-201",
   address = "Oulu, Finland",
   month = "June"}

@ARTICLE{wer99b,
   author = "Barry Brian Werger",
   title = "{Cooperation Without Deliberation: A Minimal Behavior-based Approach to Multi-robot Teams}",
   journal = "Artificial Intelligence",
   year = "1999",
   volume = "110",
   number = "2",
   pages = "293-320"}

@INCOLLECTION{wer00b,
   author = "Barry Brian Werger",
   title = "{Ayllu: Distributed Port-Arbitrated Behavior-Based Control}",
   booktitle = "{Distributed Autonomous Robotic Systems 4}",
   publisher = "Springer",
   year = "2000",
   editor = "Lynne E. Parker and George Bekey and Jacob Barhen",
   pages = "25-34"}

@INPROCEEDINGS{wer99,
   author = "Robert L. Wernli",
   title = "{AUV's -- The Maturity of the Technology}",
   booktitle = "{Oceans 1999, MTS/IEEE Conference Proceedings}",
   year = "1999",
   address = "Seattle WA",
   month = "September"}

@INPROCEEDINGS{wer00,
   author = "Robert L. Wernli",
   title = "{AUV Commercialization - Who's Leading the Pack?}",
   booktitle = "{Oceans 2000, MTS/IEEE Conference Proceedings}",
   year = "2000",
   address = "Providence RI",
   month = "September"}

@INPROCEEDINGS{wer01,
   author = "Robert L. Wernli",
   title = "{Recent U.S. Navy Underwater Vehicle Projects}",
   booktitle = "{24th UJNR/MFP Meeting}",
   year = "2001",
   address = "Honolulu HI",
   month = "November"}

@INPROCEEDINGS{wndrd00,
   author = "Stefan B. Williams and Paul Newman and Gamini Dissanayake and Julio K. Rosenblatt and Hugh Durrant-Whyte",
   title = "{A decoupled, distributed \texttt{AUV} control architecture}",
   booktitle = "{Proceedings of 31st International Symposium on Robotics}",
   year = "2000",
   address = "Montreal"}

@ARTICLE{wnrdd01,
   author = "Stefan B. Williams and Paul M. Newman and Julio K. Rosenblatt and Gamini Dissanayake and Hugh Durrant-Whyte",
   title = "{Autonomous Underwater Navigation and Control}",
   journal = "Robotica",
   year = "2001",
   volume = "19",
   number = "5",
   pages = "481-496"}

@BOOK{win95,
   author = "Wayne L. Winston",
   title = "{Introduction to Mathematical Programming: Applications and Algorithms}",
   publisher = "Duxbury Press",
   year = "1995",
   edition = "2nd"}

@INPROCEEDINGS{yssb98,
   author = "Alex Yahja and Anthony Stentz and Sanjiv Singh and Barry Bumitt",
   title = "{Framed-Quadtree Path Planning for Mobile Robots Operating in Sparse Environments}",
   booktitle = "{Proceedings, IEEE Conference on Robotics and Automation}",
   year = "1998",
   address = "Leuven, Belgium"}

@ARTICLE{yss00,
   author = "Alex Yahja and Sanjiv Singh and Anthony Stentz",
   title = "{An Efficient On-line Path Planner for Outdoor Mobile Robots}",
   journal = "Robotics and Autonomous Systems",
   year = "2000",
   volume = "32",
   pages = "129-143"}

@INPROCEEDINGS{yp92,
   author = "John Yen and Nathan Pfluger",
   title = "{A Fuzzy Logic Based Robot Navigation System}",
   booktitle = "{Proceedings of AAAI Fall Symposium}",
   year = "1992"}

@INPROCEEDINGS{ypl92,
   author = "John Yen and Nathan Pfluger and Reza Langari",
   title = "{A Defuzzification Strategy for a Fuzzy Logic Controller Employing Prohibitive Information in Command Formulation}",
   booktitle = "{Proceedings of IEEE International Conference on Fuzzy Systems}",
   year = "1992",
   address = "San Diego, CA",
   month = "March"}

@INPROCEEDINGS{yp94,
   author = "John Yen and Nathan Pfluger",
   title = "{Using Fuzzy Logic in a Mobile Robot Path Controller}",
   booktitle = "{Fuzzy Logic and Fuzzy Control: Proceedings of IJCAI '91 Workshops on Fuzzy Logic and Fuzzy Control (Lecture Notes in Artificial Intelligence 833)}",
   year = "1994",
   pages = "133-142",
   month = "August"}

@ARTICLE{yp95,
   author = "John Yen and Nathan Pfluger",
   title = "{A Fuzzy Logic Based Extension to Payton and Rosenblatt's Command Fusion Method for Mobile Robot Navigation}",
   journal = "IEEE Transactions on Systems, Man, and Cybernetics",
   year = "1995",
   volume = "25",
   number = "6",
   pages = "971-978",
   month = "June"}

@ARTICLE{yen99,
   author = "John Yen",
   title = "{Fuzzy Logic: A Modern Perspective}",
   journal = "IEEE Transactions on Knowledge and Data Engineering",
   year = "1999",
   volume = "11",
   number = "1",
   month = "January"}

@BOOK{zd00,
   author = "Constantin Zopoudnidis and Michael Doumpos",
   title = "{Intelligent Decision Aiding Systems Based on Multiple Criteria for Financial Engineering}",
   publisher = "Kluwer Acedemic Publishers",
   year = "2000",
   volume = "38"}

@MISC{cha88,
   title = "{How to do Research At the MIT AI Lab}",
   month = "October",
   year = "1988",
   note = "{Co-authored by a bunch of other students}"}

@BOOK{lrs91,
   editor = "Jan Karel Lenstra and Rinnooy Kan and H. G. Alexander and Alexander Schriver",
   title = "{History of Mathematical Programming: A Collection of Personal Reminiscences}",
   publisher = "Elsevier Science Publishers B.V.",
   year = "1991"}

@BOOK{kbm98,
   editor = "David Kortenkamp and R. Peter Bonasso and Robin Murphy",
   title = "{Artificial Intelligence and Mobile Robots}",
   publisher = "AAAI Press / MIT Press",
   year = "1998",
   address = "Cambridge, MA"}

@BOOK{chap99,
   editor = "Dan Fales",
   title = "{Chapman Piloting, Seamanship and Boat Handling}",
   publisher = "Hearst Marine Books",
   year = "1999",
   address = "New York",
   edition = "63rd"}

@Article{choset01,
  author = 	 {Choset, H.},
  title = 	 {Coverage for Robotics---A Survey of Recent Results},
  journal = 	 {Annals of Mathematics and Artificial Intelligence},
  year = 	 {2001},
  volume = 	 {31},
  pages = 	 {113-126}
}

@Article{choset03,
  author = 	 {Acar E. and Choset, H. and Zhang, Y. and Schervish, M.},
  title = 	 {Path Planning for Robotic Demining:  Robust Sensor-based Coverage of Unstructured Environments and Probabalistic Methods},
  journal = 	 {The International Journal of Robotics Research},
  year = 	 {2003},
  volume = 	 {22},
  number = 	 {7--8},
  pages = 	 {441--466},
  month = 	 {July--August}
}

